@Incollection{Lehmann2012,
  author="Lehmann, Janette and Lalmas, Mounia and Yom-Tov, Elad and Dupret, Georges",
  editor="Masthoff, Judith and Mobasher, Bamshad and Desmarais, Michel C. and Nkambou, Roger",
  title="Models of User Engagement",
  booktitle="User Modeling, Adaptation, and Personalization: 20th International Conference, UMAP 2012, Montreal, Canada, July 16-20, 2012. Proceedings",
  year="2012",
  publisher="Springer Berlin Heidelberg",
  address="Berlin, Heidelberg",
  pages="164--175",
  isbn="978-3-642-31454-4",
  doi="10.1007/978-3-642-31454-4_14",
  url="http://dx.doi.org/10.1007/978-3-642-31454-4_14"
}

@INPROCEEDINGS{5425784,
  author={Shaoxuan Wang and Dey, S.},
  booktitle={Global Telecommunications Conference, 2009. GLOBECOM 2009. IEEE},
  title={Modeling and Characterizing User Experience in a Cloud Server Based Mobile Gaming Approach},
  year={2009},
  pages={1-7},
  keywords={Internet;client-server systems;computer games;mobile computing;user modelling;client server architecture;cloud server based mobile gaming approach;mobile Internet access;mobile devices;multiplayer gaming;user experience characterization;user experience modeling;video encoding factors;Clouds;Computer architecture;Games;IP networks;Internet;Mobile computing;Network servers;Search engines;Web server;Wireless networks},
  doi={10.1109/GLOCOM.2009.5425784},
  ISSN={1930-529X},
  month={Nov},
}

@inproceedings{hans2014cost,
  title={Cost-efficient Capacitation of Cloud Data Centers for QoS-aware Multimedia Service Provision.},
  author={Hans, Ronny and Lampe, Ulrich and Pauly, Michael and Steinmetz, Ralf and Helfert, Markus and Desprez, Fr{\'e}d{\'e}ric and Ferguson, Donald and Leymann, Frank and Mu{\~n}oz, V{\'\i}ctor M{\'e}ndez},
  booktitle={CLOSER},
  pages={158--163},
  year={2014}
}

@Inbook{Soliman2013,
  author="Soliman, Omar
  and Rezgui, Abdelmounaam
  and Soliman, Hamdy
  and Manea, Najib",
  editor="Daniel, Florian
  and Papadopoulos, George A.
  and Thiran, Philippe",
  chapter="Mobile Cloud Gaming: Issues and Challenges",
  title="Mobile Web Information Systems: 10th International Conference, MobiWIS 2013, Paphos, Cyprus, August 26-29, 2013. Proceedings",
  year="2013",
  publisher="Springer Berlin Heidelberg",
  address="Berlin, Heidelberg",
  pages="121--128",
  isbn="978-3-642-40276-0",
  doi="10.1007/978-3-642-40276-0_10",
  url="http://dx.doi.org/10.1007/978-3-642-40276-0_10"
}

@inproceedings{thanh2012enabling,
  title={Enabling Experiments for Energy-efficient Data Center Networks on Openflow-based Platform},
  author={Thanh, Nguyen Huu and Nam, Pham Ngoc and Truong, Thu-Huong and Hung, Nguyen Tai and Doanh, Luong Kim and Pries, Rastin},
  booktitle={Communications and Electronics (ICCE), 2012 Fourth International Conference on},
  pages={239--244},
  year={2012},
  organization={IEEE}
}

@INPROCEEDINGS{6365107,
  author={Ta Nguyen Binh Duong and Xiaorong Li and Goh, R.S.M. and Xueyan Tang and Wentong Cai},
  booktitle={Distributed Simulation and Real Time Applications (DS-RT), 2012 IEEE/ACM 16th International Symposium on},
  title={QoS-Aware Revenue-Cost Optimization for Latency-Sensitive Services in IaaS Clouds},
  year={2012},
  pages={11-18},
  keywords={cloud computing;optimisation;quality of service;scheduling;Amazon EC2;IaaS cloud;QoS requirement;QoS-aware revenue-cost optimization;batch processing;cloud resource cost;cloud resource scaling;cloud scaling framework;cloud-based application service provider;computing resources;dynamic workload;infrastructure-as-a-service;latency-sensitive service;online game server;online gaming service;request scheduling discipline;resource provisioning algorithm;Exponential distribution;Games;Heuristic algorithms;Optimization;Quality of service;Scheduling;Servers;IaaS;cloud;dynamic provisioning;latency sensitive services;quality of service},
  doi={10.1109/DS-RT.2012.11},
  ISSN={1550-6525},
  month={Oct},
}

@inproceedings{Huang:2014:MCP:2755535.2755542,
  author = {Huang, Chun-Ying and Chen, Po-Han and Huang, Yu-Ling and Chen, Kuan-Ta and Hsu, Cheng-Hsin},
  title = {Measuring the Client Performance and Energy Consumption in Mobile Cloud Gaming},
  booktitle = {Proceedings of the 13th Annual Workshop on Network and Systems Support for Games},
  series = {NetGames '14},
  year = {2014},
  location = {Nagoya, Japan},
  pages = {5:1--5:3},
  articleno = {5},
  numpages = {3},
  url = {http://dl.acm.org/citation.cfm?id=2755535.2755542},
  acmid = {2755542},
  publisher = {IEEE Press},
  address = {Piscataway, NJ, USA},
}

@INPROCEEDINGS{6740249,
  author={Hans, R. and Lampe, U. and Steinmetz, R.},
  booktitle={Cloud Computing (CLOUD), 2013 IEEE Sixth International Conference on},
  title={QoS-Aware, Cost-Efficient Selection of Cloud Data Centers},
  year={2013},
  pages={946-947},
  keywords={cloud computing;computational complexity;computer centres;optimisation;quality of service;QoS requirements;QoS-aware selection;cloud computing;cloud data center selection problem;computational complexity;cost-efficient selection;exact optimization approach;heuristic optimization approach;multimedia services;quality of service;Cloud computing;Data models;Mathematical model;Multimedia communication;Optimization;Quality of service;Streaming media;cloud computing;cost;data center;location;multimedia;quality of service;selection},
  doi={10.1109/CLOUD.2013.113},
  month={June},
}

@INPROCEEDINGS{6924295,
  author={Hans, R. and Lampe, U. and Burgstahler, D. and Hellwig, M. and Steinmetz, R.},
  booktitle={Mobile Services (MS), 2014 IEEE International Conference on},
  title={Where Did My Battery Go? Quantifying the Energy Consumption of Cloud Gaming},
  year={2014},
  pages={63-67},
  keywords={Internet;cloud computing;computer games;mobile computing;multimedia computing;power aware computing;Internet;WLAN;cloud computing paradigm;cloud gaming services;complex multimedia services;energy consumption;energy saving;game content;mobile client;mobile cloud gaming system;mobile device;network connection type;video games;wireless interfaces;Cloud computing;Energy consumption;Games;Mobile communication;Mobile handsets;Streaming media;Wireless LAN;cloud computing;cloud gaming;comparison;energy;experiment;mobile gaming;smartphone},
  doi={10.1109/MobServ.2014.18},
  month={June},
}

@ARTICLE{6882299,
  author={Seong-Ping Chuah and Chau Yuen and Ngai-Man Cheung},
  journal={Wireless Communications, IEEE},
  title={Cloud gaming: a green solution to massive multiplayer online games},
  year={2014},
  volume={21},
  number={4},
  pages={78-87},
  keywords={cloud computing;computer games;data compression;green computing;mobile computing;network computers;rendering (computer graphics);smart phones;software maintenance;video coding;advanced video gaming;bit rate reduction;broadband Internet;cloud computing;cloud data center;cloud gaming subsystems;economical scaling;game streaming;graphics rendering;graphics renderings;green designs;green media;green solution;high-speed mobile Internet;massive multiplayer online games;mobile clients;mobile devices;network delivery;personal computers;service life spans;smartphones;software maintenance;tablets;thin clients;video compression;Cloud computing;Games;Green products;Mobile handsets;Rendering (computer graphics);Servers;Wireless sensor networks},
  doi={10.1109/MWC.2014.6882299},
  ISSN={1536-1284},
  month={August},
  }

@inproceedings{Lampe:2013:MCG:2514943.2515398,
  author = {Lampe, Ulrich and Hans, Ronny and Steinmetz, Ralf},
  title = {Will Mobile Cloud Gaming Work? Findings on Latency, Energy, and Cost},
  booktitle = {Proceedings of the 2013 IEEE Second International Conference on Mobile Services},
  series = {MS '13},
  year = {2013},
  isbn = {978-0-7695-5029-9},
  pages = {103--104},
  numpages = {2},
  url = {http://dx.doi.org/10.1109/MS.2013.21},
  doi = {10.1109/MS.2013.21},
  acmid = {2515398},
  publisher = {IEEE Computer Society},
  address = {Washington, DC, USA},
  keywords = {cloud, cost, energy, gaming, latency, mobile},
} 

@inproceedings{Manzano:2012:ESC:2501560.2501582,
  author = {Manzano, M. and Hern\'{a}ndez, J. A. and Uruen\~{n}a, M. and Calle, E.},
  title = {An Empirical Study of Cloud Gaming},
  booktitle = {Proceedings of the 11th Annual Workshop on Network and Systems Support for Games},
  series = {NetGames '12},
  year = {2012},
  isbn = {978-1-4673-4578-1},
  location = {Venice, Italy},
  pages = {17:1--17:2},
  articleno = {17},
  numpages = {2},
  url = {http://dl.acm.org/citation.cfm?id=2501560.2501582},
  acmid = {2501582},
  publisher = {IEEE Press},
  address = {Piscataway, NJ, USA},
} 

@INPROCEEDINGS{metzger16lagmodel,
  author={Metzger, Florian and Rafetseder, Albert and Schwartz, Christian and Hoßfeld, Tobias},
  booktitle={Integrated Network Management (IM 2013), 2013 IFIP/IEEE International Symposium on},
  title={IFIP Networking 2016},
  year={2016},
  note={(Submitted)}
}

@article{Jarschel20132883,
  title = "Gaming in the clouds: QoE and the users’ perspective ",
  journal = "Mathematical and Computer Modelling ",
  volume = "57",
  number = "11–12",
  pages = "2883 - 2894",
  year = "2013",
  note = "Information System Security and Performance Modeling and Simulation for Future Mobile Networks ",
  issn = "0895-7177",
  doi = "http://dx.doi.org/10.1016/j.mcm.2011.12.014",
  url = "http://www.sciencedirect.com/science/article/pii/S0895717711007771",
  author = "Michael Jarschel and Daniel Schlosser and Sven Scheuring and Tobias Hoßfeld",
  keywords = "Cloud Gaming",
  keywords = "QoE",
  keywords = "Survey "
}

@inproceedings{Pantel:2002:IDR:507670.507674,
  author = {Pantel, Lothar and Wolf, Lars C.},
  title = {On the Impact of Delay on Real-time Multiplayer Games},
  booktitle = {Proceedings of the 12th International Workshop on Network and Operating Systems Support for Digital Audio and Video},
  series = {NOSSDAV '02},
  year = {2002},
  isbn = {1-58113-512-2},
  location = {Miami, Florida, USA},
  pages = {23--29},
  numpages = {7},
  url = {http://doi.acm.org/10.1145/507670.507674},
  doi = {10.1145/507670.507674},
  acmid = {507674},
  publisher = {ACM},
  address = {New York, NY, USA},
  keywords = {delay, multiplayer games, real-time applications, user impact},
}

@inproceedings{Beigbeder:2004:ELL:1016540.1016556,
  author = {Beigbeder, Tom and Coughlan, Rory and Lusher, Corey and Plunkett, John and Agu, Emmanuel and Claypool, Mark},
  title = {The Effects of Loss and Latency on User Performance in Unreal Tournament 2003},
  booktitle = {Proceedings of 3rd ACM SIGCOMM Workshop on Network and System Support for Games},
  series = {NetGames '04},
  year = {2004},
  isbn = {1-58113-942-X},
  location = {Portland, Oregon, USA},
  pages = {144--151},
  numpages = {8},
  url = {http://doi.acm.org/10.1145/1016540.1016556},
  doi = {10.1145/1016540.1016556},
  acmid = {1016556},
  publisher = {ACM},
  address = {New York, NY, USA},
  keywords = {latency, loss, network games},
}

@INPROCEEDINGS{1266180,
  author={Armitage, G.},
  booktitle={Networks, 2003. ICON2003. The 11th IEEE International Conference on},
  title={An experimental estimation of latency sensitivity in multiplayer Quake 3},
  year={2003},
  month={Sept},
  pages={137-141},
  keywords={Internet;computer games;Internet-based game;ball-park indicator;counterstrike;distinct player population;first person shooter game;game servers;multiplayer Quake 3;network placement;online games;server logfiles;Australia;Delay;IP networks;Instruments;Intelligent networks;Internet;Network servers;Technology planning;Web server},
  doi={10.1109/ICON.2003.1266180},
  ISSN={1531-2216},
}

@INPROCEEDINGS{7148110,
	author={Hupont, I. and Gracia, J. and Sanagustin, L. and Gracia, M.A.},
	booktitle={Quality of Multimedia Experience (QoMEX), 2015 Seventh International Workshop on},
	title={How do new visual immersive systems influence gaming QoE? A use case of serious gaming with Oculus Rift},
	year={2015},
	pages={1-6},
	keywords={helmet mounted displays;quality of experience;serious games (computing);virtual reality;Oculus Rift;gaming QoE;head-mounted displays;perceived game usability;quality of experience;serious gaming;stereoscopic 3D perspective;virtual reality experience;visual immersive systems;Computers;Games;Measurement;Three-dimensional displays;Two dimensional displays;Usability;Virtual reality;gaming QoE;human factors;immersive virtual reality;serious games},
	doi={10.1109/QoMEX.2015.7148110},
	month={May},
}

@article{slivarimpact,
  title={The Impact of Video Encoding Parameters and Game Type on QoE for Cloud Gaming: a Case Study using the Steam Platform},
  author={Slivar, Ivan and Suznjevic, Mirko and Skorin-Kapov, Lea},
  year=2015
}

@inproceedings{Ida:2010:QAI:1944796.1944806,
  author = {Ida, Yoshiaki and Ishibashi, Yutaka and Fukushima, Norishige and Sugawara, Shinji},
  title = {QoE Assessment of Interactivity and Fairness in First Person Shooting with Group Synchronization Control},
  booktitle = {Proceedings of the 9th Annual Workshop on Network and Systems Support for Games},
  series = {NetGames '10},
  year = {2010},
  isbn = {978-1-4244-8355-6},
  location = {Taipei, Taiwan},
  pages = {10:1--10:2},
  articleno = {10},
  numpages = {2},
  url = {http://dl.acm.org/citation.cfm?id=1944796.1944806},
  acmid = {1944806},
  publisher = {IEEE Press},
  address = {Piscataway, NJ, USA},
}

@INPROCEEDINGS{beyermethod, 
  author={Beyer, J. and Varbelow, R. and Antons, J.-N. and Zander, S.}, 
  booktitle={Quality of Multimedia Experience (QoMEX), 2015 Seventh International Workshop on}, 
  title={A method for feedback delay measurement using a low-cost Arduino microcontroller: Lesson learned: Delay influenced by video bitrate and game-level}, 
  year={2015}, 
  pages={1-2}, 
  keywords={cloud computing;computer games;data compression;microcontrollers;quality of experience;video coding;cloud gaming QoE;feedback delay measurement;game level;latency measurement;low-cost Arduino microcontroller;low-cost approach;quality of experience;system response;user command;video bitrate;video compression bitrate;Bit rate;Cameras;Delays;Games;Microcontrollers;Usability;Video compression;QoE;cloud gaming;feedback delay}, 
  doi={10.1109/QoMEX.2015.7148095}, 
  month={May},
}

@article{beyer2014typedisplaydelayimpact,
  author={Beyer, Justus and Möller, Sebastian},
  journal={PIK - Praxis der Informationsverarbeitung und Kommunikation},
  title={Assessing the Impact of Game Type, Display Size and Network Delay on Mobile Gaming QoE},
  year={2014},
  month={December},
  volume={37},
  number={4},
  pages={287-295},
  doi={10.1515/pik-2014-0030},
  url={www.degruyter.com/view/j/piko.2014.37.issue-4/pik-2014-0030/pik-2014-0030.xml}
}

@article{beyerusing,
  title={Using Electroencephalography and Subjective Self-Assessment to Measure the Influence of Quality Variations in Cloud Gaming},
  author={Beyer, Justus and Varbelow, Richard and Antons, Jan-Niklas and M{\"o}ller, Sebastian},
  year=2015
}

@article{mollertowards,
  author={Moller, S. and Antons, J.-N. and Beyer, J. and Egger, S. and Nunez Castellar, E. and Skorin-Kapov, L. and Suznjevic, M.},
  booktitle={Quality of Multimedia Experience (QoMEX), 2015 Seventh International Workshop on},
  title={Towards a new ITU-T recommendation for subjective methods evaluating gaming QoE},
  year={2015},
  pages={1-6},
  keywords={computer games;quality of experience;ITU-T SG12;ITU-T recommendation;International Telecommunication Union;Study Group 12;computer game;gaming QoE;gaming content;gaming quality of experience;subjective evaluation methods;Games;Interviews;Physiology;Quality assessment;Servers;Streaming media;Visualization;Computer game;ITU-T;gaming QoE;standard;subjective evaluation method},
  doi={10.1109/QoMEX.2015.7148155},
  month={May},
}

@inproceedings{Cuervo:2015:KHM:2742647.2742657,
  author = {Cuervo, Eduardo and Wolman, Alec and Cox, Landon P. and Lebeck, Kiron and Razeen, Ali and Saroiu, Stefan and Musuvathi, Madanlal},
  title = {Kahawai: High-Quality Mobile Gaming Using GPU Offload},
  booktitle = {Proceedings of the 13th Annual International Conference on Mobile Systems, Applications, and Services},
  series = {MobiSys '15},
  year = {2015},
  isbn = {978-1-4503-3494-5},
  location = {Florence, Italy},
  pages = {121--135},
  numpages = {15},
  url = {http://doi.acm.org/10.1145/2742647.2742657},
  doi = {10.1145/2742647.2742657},
  acmid = {2742657},
  publisher = {ACM},
  address = {New York, NY, USA},
  keywords = {code offload, computer games, gpu, mobile devices},
}

@inproceedings{Lee:2015:OUS:2742647.2742656,
  author = {Lee, Kyungmin and Chu, David and Cuervo, Eduardo and Kopf, Johannes and Degtyarev, Yury and Grizan, Sergey and Wolman, Alec and Flinn, Jason},
  title = {Outatime: Using Speculation to Enable Low-Latency Continuous Interaction for Mobile Cloud Gaming},
  booktitle = {Proceedings of the 13th Annual International Conference on Mobile Systems, Applications, and Services},
  series = {MobiSys '15},
  year = {2015},
  isbn = {978-1-4503-3494-5},
  location = {Florence, Italy},
  pages = {151--165},
  numpages = {15},
  url = {http://doi.acm.org/10.1145/2742647.2742656},
  doi = {10.1145/2742647.2742656},
  acmid = {2742656},
  publisher = {ACM},
  address = {New York, NY, USA},
  keywords = {cloud gaming, network latency, speculation},
}

@INPROCEEDINGS{5506572,
  author={Shaoxuan Wang and Dey, S.},
  booktitle={Wireless Communications and Networking Conference (WCNC), 2010 IEEE},
  title={Addressing Response Time and Video Quality in Remote Server Based Internet Mobile Gaming},
  year={2010},
  month={April},
  pages={1-6},
  keywords={Internet;computer games;mobile radio;optimisation;video servers;HSDPA network;application layer optimization;bandwidth fluctuation;client play-out delay adaptation;downlink gaming video rate adaptation;gaming response time;mobile device;packet loss;remote server based Internet mobile gaming;uplink delay optimization;video quality;wireless network;Bandwidth;Delay;Downlink;Fluctuations;Games;Internet;Network servers;Search engines;Web server;Wireless networks},
  doi={10.1109/WCNC.2010.5506572},
  ISSN={1525-3511},
}

@INPROCEEDINGS{6404025,
  author={Yeng-Ting Lee and Kuan-Ta Chen and Han-I Su and Chin-Laung Lei},
  booktitle={Network and Systems Support for Games (NetGames), 2012 11th Annual Workshop on},
  title={Are all games equally cloud-gaming-friendly? An electromyographic approach},
  year={2012},
  month={Nov},
  pages={1-6},
  keywords={Internet;broadband networks;cloud computing;computer centres;computer games;electromyography;human computer interaction;network computers;quality of experience;rendering (computer graphics);broadband Internet connection;cloud servers;computer game;data centers;electromyographic approach;friendly cloud gaming;game graphics;game real-time strictness;game screen dynamics;hardware requirements;operation cost optimization;player gaming experience;player inputs rate;quality of experience;remote servers;rendering;response latency;thin client;user experience;Computers;Delay;Games;Muscles;Predictive models;Real-time systems;Vectors},
  doi={10.1109/NetGames.2012.6404025},
  ISSN={2156-8138},
}

@INPROCEEDINGS{6614351,
  author={Clincy, V. and Wilgor, B.},
  booktitle={Information Technology: New Generations (ITNG), 2013 Tenth International Conference on},
  title={Subjective Evaluation of Latency and Packet Loss in a Cloud-Based Game},
  year={2013},
  month={April},
  pages={473-476},
  keywords={cloud computing;computer games;media streaming;quality of experience;QoE;cloud-based game;cloud-based on-demand video game service;delay variation;latency;movies streaming;multimedia system streaming;music streaming;negative network effects;on-demand multimedia services;packet loss;subjective evaluation;subjective impact;television streaming;transient network effects;user quality of experience;video games streaming;Cloud computing;Delays;Games;Indexes;Packet loss;Cloud Gaming;Latency;Performance;QoE},
  doi={10.1109/ITNG.2013.79},
}

@ARTICLE{6413270,
  author={Shaoxuan Wang and Dey, S.},
  journal={Multimedia, IEEE Transactions on},
  title={Adaptive Mobile Cloud Computing to Enable Rich Mobile Multimedia Applications},
  year={2013},
  month={June},
  volume={15},
  number={4},
  pages={870-883},
  keywords={cloud computing;mobile computing;multimedia computing;Internet;adaptive mobile computing;cloud mobile media applications;mobile applications;mobile connectivity;mobile devices;rich mobile multimedia applications;rich multimedia applications;smartphones;ubiquitous multimedia applications;wireline networks;Cloud computing;Coordinate measuring machines;Media;Mobile communication;Mobile handsets;Rendering (computer graphics);Streaming media;Cloud Computing;Cloud Gaming;Mobile Computing;Multimedia Applications},
  doi={10.1109/TMM.2013.2240674},
  ISSN={1520-9210},
}

@ARTICLE{6853364,
  author={Hua-Jun Hong and De-Yu Chen and Chun-Ying Huang and Kuan-Ta Chen and Cheng-Hsin Hsu},
  journal={Cloud Computing, IEEE Transactions on},
  title={Placing Virtual Machines to Optimize Cloud Gaming Experience},
  year={2015},
  month={Jan},
  volume={3},
  number={1},
  pages={42-53},
  keywords={cloud computing;computer games;optimisation;quality of experience;virtual machines;QoE;close-to-optimal solutions;closed cloud gaming services;cloud gaming experience optimization;cloud gaming provider total-profit maximization;cloud gaming providers;exponential running time;gamer quality-of-experience;heuristic algorithm;off-the-shelf virtualization software;performance models;provider net profit;trace-driven simulations;virtual machines;Cloud computing;Data models;Delays;Games;Graphics processing units;Heuristic algorithms;Servers;Cloud gaming;live video streaming;performance evaluation;performance optimization;real-time encoding;remote rendering},
  doi={10.1109/TCC.2014.2338295},
  ISSN={2168-7161},
}

@article{claypool2007,
  year={2007},
  issn={0942-4962},
  journal={Multimedia Systems},
  volume={13},
  number={1},
  doi={10.1007/s00530-007-0081-1},
  title={On frame rate and player performance in first person shooter games},
  url={http://dx.doi.org/10.1007/s00530-007-0081-1},
  publisher={Springer-Verlag},
  author={Claypool, KajalT. and Claypool, Mark},
  pages={3-17},
  language={English}
}


@ARTICLE{6574660,
  author={Shea, R. and Jiangchuan Liu and Ngai, E.C.-H. and Yong Cui},
  journal={Network, IEEE},
  title={Cloud gaming: architecture and performance},
  year={2013},
  month={July},
  volume={27},
  number={4},
  pages={16-21},
  keywords={cloud computing;computer games;image sequences;interactive video;rendering (computer graphics);video streaming;Internet;cloud gaming;cloud technology;interaction latency;remote interactive gaming application rendering;scene;user base;video sequence;video streaming quality;Cloud computing;Database systems;Games;Image quality;PSNR;Rendering (computer graphics);Streaming media},
  doi={10.1109/MNET.2013.6574660},
  ISSN={0890-8044},
}

@article{Claypool:2006:LPA:1167838.1167860,
  author = {Claypool, Mark and Claypool, Kajal},
  title = {Latency and Player Actions in Online Games},
  journal = {Commun. ACM},
  issue_date = {November 2006},
  volume = {49},
  number = {11},
  month = nov,
  year = {2006},
  issn = {0001-0782},
  pages = {40--45},
  numpages = {6},
  url = {http://doi.acm.org/10.1145/1167838.1167860},
  doi = {10.1145/1167838.1167860},
  acmid = {1167860},
  publisher = {ACM},
  address = {New York, NY, USA},
}

@article{Chen:2006:SOG:1167838.1167859,
  author = {Chen, Kuan-Ta and Huang, Polly and Lei, Chin-Laung},
  title = {How Sensitive Are Online Gamers to Network Quality?},
  journal = {Commun. ACM},
  issue_date = {November 2006},
  volume = {49},
  number = {11},
  month = nov,
  year = {2006},
  issn = {0001-0782},
  pages = {34--38},
  numpages = {5},
  url = {http://doi.acm.org/10.1145/1167838.1167859},
  doi = {10.1145/1167838.1167859},
  acmid = {1167859},
  publisher = {ACM},
  address = {New York, NY, USA},
}

@article{doi:10.1108/02640470210424455,
  author = {Jianxin Jeff Yan and Hyun‐Jin Choi},
  title = {Security issues in online games},
  journal = {The Electronic Library},
  volume = {20},
  number = {2},
  pages = {125-133},
  year = {2002},
  doi = {10.1108/02640470210424455},
}

@inproceedings{Bredel:2010:MSR:1944796.1944797,
  author = {Bredel, Michael and Fidler, Markus},
  title = {A Measurement Study Regarding Quality of Service and Its Impact on Multiplayer Online Games},
  booktitle = {Proceedings of the 9th Annual Workshop on Network and Systems Support for Games},
  series = {NetGames '10},
  year = {2010},
  isbn = {978-1-4244-8355-6},
  location = {Taipei, Taiwan},
  pages = {1:1--1:6},
  articleno = {1},
  numpages = {6},
  url = {http://dl.acm.org/citation.cfm?id=1944796.1944797},
  acmid = {1944797},
  publisher = {IEEE Press},
  address = {Piscataway, NJ, USA},
}

@INPROCEEDINGS{4604397,
  author={Ries, M. and Svoboda, P. and Rupp, M.},
  booktitle={Systems, Signals and Image Processing, 2008. IWSSIP 2008. 15th International Conference on},
  title={Empirical study of subjective quality for Massive Multiplayer Games},
  year={2008},
  month={June},
  pages={181-184},
  keywords={computer games;delays;interactive systems;jitter;multimedia computing;quality of service;real-time systems;Half-life;War-craft;delay;jitter;massive multiplayer games;network impairments;online gaming;quality of service;real time interactive multimedia services;subjective quality evaluation;Application software;Communications technology;Delay;Jitter;Land mobile radio cellular systems;Performance analysis;Quality of service;Radio frequency;Testing;Web and internet services;MMOG;QoS;online gaming;quality metric},
  doi={10.1109/IWSSIP.2008.4604397},
}

@ARTICLE{4591393,
  author={Kuan-Ta Chen and Polly Huang and Chin-Laung Lei},
  journal={Parallel and Distributed Systems, IEEE Transactions on},
  title={Effect of Network Quality on Player Departure Behavior in Online Games},
  year={2009},
  month={May},
  volume={20},
  number={5},
  pages={593-606},
  keywords={Internet;computer games;delays;ShenZhou Online;client packet loss;commercial massively multiplayer online role-playing game;delay jitter;network delay;network game designers;network impairment;network loss;network quality;online games;player departure behavior;player satisfaction;Departure analysis;Internet Measurement;Internet measurement;MMOG;MMORPG;Quality of Service;User Behavior;logistic regression;quality of service;user behavior.},
  doi={10.1109/TPDS.2008.148},
  ISSN={1045-9219},
}

@ARTICLE{6670099,
  author={Kuan-Ta Chen and Yu-chun Chang and Hwai-Jung Hsu and De-Yu Chen and Chun-Ying Huang and Cheng-Hsin Hsu},
  journal={Multimedia, IEEE Transactions on},
  title={On the Quality of Service of Cloud Gaming Systems},
  year={2014},
  month={Feb},
  volume={16},
  number={2},
  pages={480-495},
  keywords={cloud computing;computer games;network computers;network servers;quality of service;rendering (computer graphics);video streaming;OnLive;QoS;StreamMyGame;adaptable frame rates;cloud gaming system;graphic quality;internal mechanisms;measurement techniques;network bandwidth;real-time game playing;server processing delays;thin clients;user-perceived quality of service;Computers;Delays;Games;Graphics;Measurement techniques;Quality of service;Servers;Cloud gaming;live video streaming;measurement;performance evaluation;remote rendering},
  doi={10.1109/TMM.2013.2291532},
  ISSN={1520-9210},
}

@INPROCEEDINGS{5976180,
  author={Jarschel, M. and Schlosser, D. and Scheuring, S. and Hoßfeld, T.},
  booktitle={Innovative Mobile and Internet Services in Ubiquitous Computing (IMIS), 2011 Fifth International Conference on},
  title={An Evaluation of {QoE} in Cloud Gaming Based on Subjective Tests},
  year={2011},
  month={June},
  pages={330-335},
  keywords={cloud computing;computer games;QoE;broadband Internet connection;cloud computing;cloud gaming;data center;gaming hardware;high definition video;key influence factors;online gaming;quality of experience;retail chain;service quality;Delay;Games;Hardware;Quality of service;Servers;Software;Streaming media;Cloud Gaming;QoE;Survey},
  doi={10.1109/IMIS.2011.92},
}

@inproceedings{Chen:2011:MLC:2072298.2071991,
  author = {Chen, Kuan-Ta and Chang, Yu-Chun and Tseng, Po-Han and Huang, Chun-Ying and Lei, Chin-Laung},
  title = {Measuring the Latency of Cloud Gaming Systems},
  booktitle = {Proceedings of the 19th ACM International Conference on Multimedia},
  series = {MM '11},
  year = {2011},
  isbn = {978-1-4503-0616-4},
  location = {Scottsdale, Arizona, USA},
  pages = {1269--1272},
  numpages = {4},
  url = {http://doi.acm.org/10.1145/2072298.2071991},
  doi = {10.1145/2072298.2071991},
  acmid = {2071991},
  publisher = {ACM},
  address = {New York, NY, USA},
  keywords = {cloud computing, cloud rendering, games-on-demand, onlive, quality of service, thin client},
} 

@inproceedings{Choy:2012:BSC:2501560.2501563,
  author = {Choy, Sharon and Wong, Bernard and Simon, Gwendal and Rosenberg, Catherine},
  title = {The Brewing Storm in Cloud Gaming: A Measurement Study on Cloud to End-user Latency},
  booktitle = {Proceedings of the 11th Annual Workshop on Network and Systems Support for Games},
  series = {NetGames '12},
  year = {2012},
  isbn = {978-1-4673-4578-1},
  location = {Venice, Italy},
  pages = {2:1--2:6},
  articleno = {2},
  numpages = {6},
  url = {http://dl.acm.org/citation.cfm?id=2501560.2501563},
  acmid = {2501563},
  publisher = {IEEE Press},
  address = {Piscataway, NJ, USA},
} 

@phdthesis{wertheimer1912experimentelle,
  title={{{Experimentelle Studien über das Sehen von Bewegung}}},
  author={Wertheimer, Max},
  year={1912}
}

@phdthesis{cs4376,
  month = {April},
  title = {Evaluating Reliable Streaming in Mobile Networks},
  author = {Florian Metzger},
  year = {2015},
  url = {http://eprints.cs.univie.ac.at/4376/},
}

@article{Hoßfeld2014optimum,
  title = "Close to Optimum?",
  journal = "PIK - Praxis der Informationsverarbeitung und Kommunikation",
  volume = "37",
  number = "4",
  pages = "275-285",
  year = "2014",
  doi = "http://dx.doi.org/10.1515/pik-2014-0029",
  url = "http://www.degruyter.com/view/j/piko.2014.37.issue-4/pik-2014-0029/pik-2014-0029.xml",
  author = "Hoßfeld, Tobias and Seufert, Michael and Sieber, Christian and Zinner, Thomas and Tran-Gia, Phuoc",

}

@INPROCEEDINGS{6573184,
  author={Sieber, C. and Hossfeld, T. and Zinner, T. and Tran-Gia, P. and Timmerer, C.},
  booktitle={Integrated Network Management (IM 2013), 2013 IFIP/IEEE International Symposium on},
  title={Implementation and user-centric comparison of a novel adaptation logic for DASH with SVC},
  year={2013},
  month={May},
  pages={1318-1323},
  keywords={Internet;mobile radio;quality of experience;transport protocols;video coding;video streaming;DASH-SVC streaming algorithm;HTTP protocol;Internet;MPEG-DASH standard;QoE management;adaptation logic;client-centric access;content distribution infrastructure;dynamic adaptive streaming over HTTP;empty playback buffers;low switching frequency;network distribution infrastructure;quality of experience;realistic mobile network scenario;scalable video coding;single layer codecs;streaming behavior;user-centric comparison;video content representation;video playback;video quality;video streaming;Algorithm design and analysis;Bandwidth;Conferences;Delays;Static VAr compensators;Streaming media;Switches},
}

@article{Hoßfeld2015,
  title = "Identifying QoE optimal adaptation of \{HTTP\} adaptive streaming based on subjective studies",
  journal = "Computer Networks",
  year = "2015",
  note = "",
  doi = "http://dx.doi.org/10.1016/j.comnet.2015.02.015",
  url = "http://www.sciencedirect.com/science/article/pii/S1389128615000626",
  author = "Tobias Hoßfeld and Michael Seufert and Christian Sieber and Thomas Zinner and Phuoc Tran-Gia",
  keywords = "\{HTTP\} Adaptive Streaming (HAS)",
  keywords = "Quality of Experience (QoE)",
  keywords = "Mixed Integer Linear Programming (MILP) formulation",
  keywords = "Initial delay",
  keywords = "Quality switches",
  keywords = "Adaptation logic benchmarking "
}

@ARTICLE{5710601,
  author={Chikkerur, S. and Sundaram, V. and Reisslein, M. and Karam, L.J.},
  journal={Broadcasting, IEEE Transactions on},
  title={Objective Video Quality Assessment Methods: A Classification, Review, and Performance Comparison},
  year={2011},
  month={June},
  volume={57},
  number={2},
  pages={165-182},
  keywords={computational complexity;frequency-domain analysis;high definition video;image classification;image motion analysis;image resolution;spatiotemporal phenomena;video signal processing;visual databases;visual perception;LIVE video quality database;MS-SSIM;VQM;computational complexity;full-reference media-layer objective video quality assessment method;high definition video;motion-based video integrity evaluation;multiscale-structural similarity index;natural visual characteristics subclassification;natural visual feature;natural visual statistics;perceptual characteristics;perceptual spatiotemporal frequency-domain method;pixel-domain method;reduced-reference media-layer objective video quality assessment method;video classification;video quality metric;video resolution;Computational modeling;Measurement;Predictive models;Quality assessment;Streaming media;Video sequences;Visualization;Full-reference metric;objective video quality;perceptual video quality;reduced-reference metric},
  doi={10.1109/TBC.2011.2104671},
  ISSN={0018-9316},
}

@ARTICLE{6913491,
  author={Seufert, M. and Egger, S. and Slanina, M. and Zinner, T. and Hobfeld, T. and Tran-Gia, P.},
  journal={Communications Surveys Tutorials, IEEE},
  title={A Survey on Quality of Experience of HTTP Adaptive Streaming},
  year={2015},
  volume={17},
  number={1},
  pages={469-492},
  keywords={Adaptive systems;Bit rate;Delays;Media;Quality of service;Servers;Streaming media;HTTP adaptive streaming;Quality of Experience;dynamic streaming;quality of experience;variable video quality},
  doi={10.1109/COMST.2014.2360940},
  ISSN={1553-877X},
}

@INPROCEEDINGS{metzger2011delivery,
  author={Metzger, F. and Rafetseder, A. and Stezenbach, D. and Tutschku, K.},
  booktitle={FITCE Congress (FITCE), 2011 50th},
  title={Analysis of web-based video delivery},
  year={2011},
  pages={1-6},
  doi={10.1109/FITCE.2011.6133425},
}

@article{gettys2011bufferbloat,
  title={Bufferbloat: Dark buffers in the internet},
  author={Gettys, Jim and Nichols, Kathleen},
  journal={Queue},
  volume={9},
  number={11},
  pages={40},
  year={2011},
  publisher={ACM}
}

@article{metzger2014jcnc,
  title={{Exploratory Analysis of a GGSN’s PDP Context Signaling Load}},
  author={Metzger, F. and Rafetseder, A. and Romirer-Maierhofer, P. and Tutschku, K.},
  journal={Journal of Computer Networks and Communications},
  year=2014,
  month={February},
  publisher={Hindawi Publishing Corporation},
  vol=2014,
  doi = {doi:10.1155/2014/526231},
  url={http://www.hindawi.com/journals/jcnc/2014/526231/},
}

@inproceedings{metzger2014lossmodel,
  title = {GTP-based Load Model and Virtualization Gain for a Mobile Network's GGSN},
  author = {Metzger, F. and Schwartz, C. and Hoßfeld, T.},
  booktitle={Communications and Electronics (ICCE), 2014 IEEE Fifth International Conference on},
  year={2014},
  month={July},
  pages={206-211},
  doi={10.1109/CCE.2014.6916704},
}

@incollection{hossfeld2013youtubeqoe,
  year={2013},
  isbn={978-3-642-36783-0},
  booktitle={Data Traffic Monitoring and Analysis},
  volume={7754},
  series={Lecture Notes in Computer Science},
  editor={Biersack, Ernst and Callegari, Christian and Matijasevic, Maja},
  doi={10.1007/978-3-642-36784-7_11},
  title={Internet Video Delivery in YouTube: From Traffic Measurements to Quality of Experience},
  url={http://dx.doi.org/10.1007/978-3-642-36784-7_11},
  publisher={Springer Berlin Heidelberg},
  author={Hoßfeld, Tobias and Schatz, Raimund and Biersack, Ernst and Plissonneau, Louis},
  pages={264-301},
  language={English}
}

@INPROCEEDINGS{6229739,
  author={Metzger, F.  and Rafetseder, A. and Tutschku, K.},
  booktitle={Packet Video Workshop (PV), 2012 19th International},
  title={A performance evaluation framework for video streaming},
  year={2012},
  pages={19-24},
  doi={10.1109/PV.2012.6229739},
}

@article{mehlfuhrer2011vienna,
  year={2011},
  journal={EURASIP Journal on Advances in Signal Processing},
  eid={29},
  volume={2011},
  number={1},
  doi={10.1186/1687-6180-2011-29},
  title={The Vienna LTE simulators - Enabling reproducibility in wireless communications research},
  url={http://dx.doi.org/10.1186/1687-6180-2011-29},
  publisher={Springer International Publishing AG},
  author={Mehlführer, Christian and Colom Colom Ikuno, Josep and Šimko, Michal and Schwarz, Stefan and Wrulich, Martin and Rupp, Markus}
}

@inproceedings{Muller:2012:EDA:2151677.2151686,
  author = {Müller, C. and Lederer, S. and Timmerer, C.},
  title = {An evaluation of dynamic adaptive streaming over HTTP in vehicular environments},
  booktitle = {Proceedings of the 4th Workshop on Mobile Video},
  series = {MoVid '12},
  year = {2012},
  isbn = {978-1-4503-1166-3},
  location = {Chapel Hill, North Carolina},
  pages = {37--42},
  numpages = {6},
  url = {http://doi.acm.org/10.1145/2151677.2151686},
  doi = {10.1145/2151677.2151686},
  acmid = {2151686},
  publisher = {ACM},
  address = {New York, NY, USA},
}

@ARTICLE{5634134,
  author={Piro, G. and Grieco, L.A. and Boggia, G. and Capozzi, F. and Camarda, P.},
  journal={Vehicular Technology, IEEE Transactions on},
  title={{Simulating LTE Cellular Systems: An Open-Source Framework}},
  year={2011},
  month={February},
  volume={60},
  number={2},
  pages={498 -513},
}

@inproceedings{Baldo:2013:OSM:2507924.2507940,
  author = {Baldo, Nicola and Requena-Esteso, Manuel and Miozzo, Marco and Kwan, Raymond},
  title = {An Open Source Model for the Simulation of LTE Handover Scenarios and Algorithms in Ns-3},
  booktitle = {Proceedings of the 16th ACM International Conference on Modeling, Analysis: Simulation of Wireless and Mobile Systems},
  series = {MSWiM '13},
  year = {2013},
  isbn = {978-1-4503-2353-6},
  location = {Barcelona, Spain},
  pages = {289--298},
  numpages = {10},
  url = {http://doi.acm.org/10.1145/2507924.2507940},
  doi = {10.1145/2507924.2507940},
  acmid = {2507940},
  publisher = {ACM},
  address = {New York, NY, USA},
}


@article{di2010new,
  title={New method to measure end-to-end delay of virtual reality},
  author={Di Luca, Massimiliano},
  journal={Presence},
  volume={19},
  number={6},
  pages={569--584},
  year={2010},
  publisher={MIT Press}
}

@TechReport{3gpp.23.002,
  Title                    = {{Network architecture}},
  Author                   = {3GPP},
  Institution              = {{3rd Generation Partnership Project (3GPP)}},
  Number                   = {{23.002}},
  Type                     = {TS},

  Url                      = {http://www.3gpp.org/DynaReport/23002.htm}
}

@TechReport{3gpp.23.009,
  Title                    = {{Handover procedures}},
  Author                   = {3GPP},
  Institution              = {{3rd Generation Partnership Project (3GPP)}},
  Number                   = {{23.009}},
  Type                     = {TS},

  Url                      = {http://www.3gpp.org/DynaReport/23009.htm}
}

@TechReport{3gpp.23.060,
  Title                    = {{General Packet Radio Service (GPRS); Service description; Stage 2}},
  Author                   = {3GPP},
  Institution              = {{3rd Generation Partnership Project (3GPP)}},
  Number                   = {{23.060}},
  Type                     = {TS},

  Url                      = {http://www.3gpp.org/DynaReport/23060.htm}
}

@TechReport{3gpp.23.401,
  Title                    = {{General Packet Radio Service (GPRS) enhancements for Evolved Universal Terrestrial Radio Access Network (E-UTRAN) access}},
  Author                   = {3GPP},
  Institution              = {{3rd Generation Partnership Project (3GPP)}},
  Number                   = {{23.401}},
  Type                     = {TS},

  Url                      = {http://www.3gpp.org/DynaReport/23401.htm}
}

@TechReport{3gpp.23.843,
  Title                    = {{Study on Core Network (CN) overload solutions}},
  Author                   = {3GPP},
  Institution              = {{3rd Generation Partnership Project (3GPP)}},
  Number                   = {{23.843}},
  Type                     = {TR},

  Url                      = {http://www.3gpp.org/DynaReport/23843.htm}
}

@TechReport{3gpp.23.862,
  Title                    = {{Evolved Packet Core (EPC) enhancements to support interworking with data application providers; Stage 2}},
  Author                   = {3GPP},
  Institution              = {{3rd Generation Partnership Project (3GPP)}},
  Number                   = {{23.862}},
  Type                     = {TR},

  Url                      = {http://www.3gpp.org/DynaReport/23862.htm}
}

@TechReport{3gpp.24.008,
  Title                    = {{Mobile radio interface Layer 3 specification; Core network protocols; Stage 3}},
  Author                   = {3GPP},
  Institution              = {{3rd Generation Partnership Project (3GPP)}},
  Number                   = {{24.008}},
  Type                     = {TS},

  Url                      = {http://www.3gpp.org/DynaReport/24008.htm}
}

@TechReport{3gpp.29.273,
  Title                    = {{Evolved Packet System (EPS); 3GPP EPS AAA interfaces}},
  Author                   = {3GPP},
  Institution              = {{3rd Generation Partnership Project (3GPP)}},
  Number                   = {{29.273}},
  Type                     = {TS},

  Url                      = {http://www.3gpp.org/DynaReport/29273.htm}
}

@TechReport{3gpp.29.274,
  Title                    = {{3GPP Evolved Packet System (EPS); Evolved General Packet Radio Service (GPRS) Tunnelling Protocol for Control plane (GTPv2-C); Stage 3}},
  Author                   = {3GPP},
  Institution              = {{3rd Generation Partnership Project (3GPP)}},
  Number                   = {{29.274}},
  Type                     = {TS},

  Url                      = {http://www.3gpp.org/DynaReport/29274.htm}
}

@TechReport{3gpp.29.281,
  Title                    = {{GPRS Tunnelling Protocol for User Plane (GTPv1-U)}},
  Author                   = {3GPP},
  Institution              = {{3rd Generation Partnership Project (3GPP)}},
  Number                   = {{29.281}},
  Type                     = {TS},

  Url                      = {http://www.3gpp.org/DynaReport/29281.htm}
}

@InProceedings{Baldo:2013:OSM:2507924.2507940,
  Title                    = {An Open Source Model for the Simulation of LTE Handover Scenarios and Algorithms in Ns-3},
  Author                   = {Baldo, Nicola and Requena-Esteso, Manuel and Miozzo, Marco and Kwan, Raymond},
  Booktitle                = {Proceedings of the 16th ACM International Conference on Modeling, Analysis: Simulation of Wireless and Mobile Systems},
  Year                     = {2013},

  Address                  = {New York, NY, USA},
  Pages                    = {289--298},
  Publisher                = {ACM},
  Series                   = {MSWiM '13},

  Acmid                    = {2507940},
  Doi                      = {10.1145/2507924.2507940},
  ISBN                     = {978-1-4503-2353-6},
  Location                 = {Barcelona, Spain},
  Numpages                 = {10},
  Url                      = {http://doi.acm.org/10.1145/2507924.2507940}
}

@Article{5710601,
  Title                    = {Objective Video Quality Assessment Methods: A Classification, Review, and Performance Comparison},
  Author                   = {Chikkerur, S. and Sundaram, V. and Reisslein, M. and Karam, L.J.},
  Journal                  = {Broadcasting, IEEE Transactions on},
  Year                     = {2011},

  Month                    = {June},
  Number                   = {2},
  Pages                    = {165-182},
  Volume                   = {57},

  Doi                      = {10.1109/TBC.2011.2104671},
  ISSN                     = {0018-9316},
  Keywords                 = {computational complexity;frequency-domain analysis;high definition video;image classification;image motion analysis;image resolution;spatiotemporal phenomena;video signal processing;visual databases;visual perception;LIVE video quality database;MS-SSIM;VQM;computational complexity;full-reference media-layer objective video quality assessment method;high definition video;motion-based video integrity evaluation;multiscale-structural similarity index;natural visual characteristics subclassification;natural visual feature;natural visual statistics;perceptual characteristics;perceptual spatiotemporal frequency-domain method;pixel-domain method;reduced-reference media-layer objective video quality assessment method;video classification;video quality metric;video resolution;Computational modeling;Measurement;Predictive models;Quality assessment;Streaming media;Video sequences;Visualization;Full-reference metric;objective video quality;perceptual video quality;reduced-reference metric}
}

@Article{5762821,
  Title                    = {Interaction patterns between P2P content distribution systems and ISPs},
  Author                   = {Dan, G. and Hoßfeld, T. and Oechsner, S. and Cholda, P. and Stankiewicz, R. and Papafili, I. and Stamoulis, G.D.},
  Journal                  = {Communications Magazine, IEEE},
  Year                     = {2011},

  Month                    = {May},
  Number                   = {5},
  Pages                    = {222-230},
  Volume                   = {49},

  Doi                      = {10.1109/MCOM.2011.5762821},
  ISSN                     = {0163-6804},
  Keywords                 = {Internet;peer-to-peer computing;protocols;ISP;Internet service providers;P2P content distribution systems;P2P systems;application layer protocols;interaction patterns;network efficiency;peer-to-peer content distribution systems;peer-to-peer protocol design;protocol stack;IP networks;Internet;Measurement;Network topology;Peer to peer computing;Protocols;Routing}
}

@InProceedings{draxler2014smarterphones,
  Title                    = {SmarterPhones: Anticipatory Download Scheduling for Segmented Wireless Video Streaming},
  Author                   = {Dräxler, Martin and Karl, Holger},
  Booktitle                = {1st KuVS Workshop on Anticipatory Networks},
  Year                     = {2014}
}

@InProceedings{7089073,
  Title                    = {SmarterPhones: Anticipatory download scheduling for wireless video streaming},
  Author                   = {Draxler, M. and Blobel, J. and Dreimann, P. and Valentin, S. and Karl, H.},
  Booktitle                = {Networked Systems (NetSys), 2015 International Conference and Workshops on},
  Year                     = {2015},
  Month                    = {March},
  Pages                    = {1-8},

  Doi                      = {10.1109/NetSys.2015.7089073},
  Keywords                 = {cellular radio;greedy algorithms;mobile radio;smart phones;telecommunication scheduling;video streaming;wireless channels;anticipatory download scheduling;buffer underrun avoidance;cellular networks;channel conditions;download time;greedy buffering schemes;local playout buffer;mobile users;over-buffering wastes;playback interrupt;playback interruptions elimination;segmented video streaming protocols;smart phones;testbed measurements;unreliable wireless channel state video quality;wireless video streaming;Mobile communication;Protocols;Quality assessment;Schedules;Streaming media;Video recording;Wireless communication}
}

@InProceedings{6583724,
  Title                    = {Cross-layer scheduling for multi-quality video streaming in cellular wireless networks},
  Author                   = {Draxler, M. and Karl, H.},
  Booktitle                = {Wireless Communications and Mobile Computing Conference (IWCMC), 2013 9th International},
  Year                     = {2013},
  Month                    = {July},
  Pages                    = {1181-1186},

  Doi                      = {10.1109/IWCMC.2013.6583724},
  Keywords                 = {computational complexity;constraint handling;greedy algorithms;integer programming;quadratic programming;quality of experience;radio networks;video streaming;HTTP live streaming protocol;MIQCP;cellular wireless networks;cross-layer scheduling approach;greedy strategies;mixed integer quadratically constrained program;multiquality video streaming;playback interruptions;polynomial time implementation;video quality;wireless channel capacity prediction;wireless transmission capacity;Antennas;Fading;Indium tin oxide;Quality assessment;Video recording;Wireless communication;Cellular networks;Cross layer design;Digital multimedia broadcasting;Streaming media;Wireless networks}
}

@Article{gelenbe2014time,
  Title                    = {Time-outs and counters against storms},
  Author                   = {Gelenbe, Erol and Abdelrahman, Omer H},
  Journal                  = {Submitted for publication},
  Year                     = {2014}
}

@Article{gettys2011bufferbloat,
  Title                    = {Bufferbloat: Dark buffers in the internet},
  Author                   = {Gettys, Jim and Nichols, Kathleen},
  Journal                  = {Queue},
  Year                     = {2011},
  Number                   = {11},
  Pages                    = {40},
  Volume                   = {9},

  Publisher                = {ACM}
}

@Article{Hirth2015,
  Title                    = {Crowdsourced network measurements: Benefits and best practices},
  Author                   = {Matthias Hirth and Tobias Hoßfeld and Marco Mellia and Christian Schwartz and Frank Lehrieder},
  Journal                  = {Computer Networks},
  Year                     = {2015},

  Doi                      = {http://dx.doi.org/10.1016/j.comnet.2015.07.003},
  ISSN                     = {1389-1286},
  Keywords                 = {Crowdsourcing},
  Url                      = {http://www.sciencedirect.com/science/article/pii/S1389128615002236}
}

@InProceedings{Hossfeld6982305,
  Title                    = {Assessing effect sizes of influence factors towards a QoE model for HTTP adaptive streaming},
  Author                   = {Ho?feld, T. and others},
  Booktitle                = {Quality of Multimedia Experience (QoMEX), 2014 Sixth International Workshop on},
  Year                     = {2014},
  Month                    = {Sept},
  Pages                    = {111-116}
}

@Article{Hossfeld2015context,
  Title                    = {Context monitoring for improved system performance and QoE},
  Author                   = {Hoßfeld, Tobias and Metzger, Florian and Skorin-Kapov, Lea and Haddad, Yoram and Lioutu, Eirini and Pocta, Peter and Melvin, Hugh and Siris, Vasilios A. and Zgank, Andrej and Jarschel, Michael},
  Journal                  = {Computer Networks},
  Year                     = {2015},
  Note                     = {Under review, submitted in July 2015}
}

@InCollection{hossfeld2013youtubeqoe,
  Title                    = {Internet Video Delivery in YouTube: From Traffic Measurements to Quality of Experience},
  Author                   = {Hoßfeld, Tobias and Schatz, Raimund and Biersack, Ernst and Plissonneau, Louis},
  Booktitle                = {Data Traffic Monitoring and Analysis},
  Publisher                = {Springer Berlin Heidelberg},
  Year                     = {2013},
  Editor                   = {Biersack, Ernst and Callegari, Christian and Matijasevic, Maja},
  Pages                    = {264-301},
  Series                   = {Lecture Notes in Computer Science},
  Volume                   = {7754},

  Doi                      = {10.1007/978-3-642-36784-7_11},
  ISBN                     = {978-3-642-36783-0},
  Language                 = {English},
  Url                      = {http://dx.doi.org/10.1007/978-3-642-36784-7_11}
}

@Article{6178831,
  Title                    = {Challenges of QoE management for cloud applications},
  Author                   = {Hoßfeld, T. and Schatz, R. and Varela, M. and Timmerer, C.},
  Journal                  = {Communications Magazine, IEEE},
  Year                     = {2012},

  Month                    = {April},
  Number                   = {4},
  Pages                    = {28-36},
  Volume                   = {50},

  Doi                      = {10.1109/MCOM.2012.6178831},
  ISSN                     = {0163-6804},
  Keywords                 = {cloud computing;multimedia computing;software quality;QoE management;QoE-based classification scheme;cloud computing;multimedia cloud applications;quality management;quality of experience;service quality;Cloud computing;Complexity theory;Context;Multimedia communication;Quality of service;Streaming media}
}

@Article{Hossfeld2015,
  Title                    = {Identifying QoE optimal adaptation of \{HTTP\} adaptive streaming based on subjective studies},
  Author                   = {Tobias Hoßfeld and Michael Seufert and Christian Sieber and Thomas Zinner and Phuoc Tran-Gia},
  Journal                  = {Computer Networks},
  Year                     = {2015},

  Doi                      = {http://dx.doi.org/10.1016/j.comnet.2015.02.015},
  Keywords                 = {\{HTTP\} Adaptive Streaming (HAS)},
  Url                      = {http://www.sciencedirect.com/science/article/pii/S1389128615000626}
}

@Article{Hossfeld2014optimum,
  Title                    = {Close to Optimum?},
  Author                   = {Hoßfeld, Tobias and Seufert, Michael and Sieber, Christian and Zinner, Thomas and Tran-Gia, Phuoc},
  Journal                  = {PIK - Praxis der Informationsverarbeitung und Kommunikation},
  Year                     = {2014},
  Number                   = {4},
  Pages                    = {275-285},
  Volume                   = {37},

  Doi                      = {http://dx.doi.org/10.1515/pik-2014-0029},
  Url                      = {http://www.degruyter.com/view/j/piko.2014.37.issue-4/pik-2014-0029/pik-2014-0029.xml}
}

@InProceedings{7140480,
  Title                    = {Can context monitoring improve {QoE}? A case study of video flash crowds in the internet of services},
  Author                   = {Hoßfeld, T. and Skorin-Kapov, L. and Haddad, Y. and Pocta, P. and Siris, V.A. and Zgank, A. and Melvin, H.},
  Booktitle                = {Integrated Network Management (IM), 2015 IFIP/IEEE International Symposium on},
  Year                     = {2015},
  Month                    = {May},
  Pages                    = {1274 -- 1277},

  Doi                      = {10.1109/INM.2015.7140480},
  Keywords                 = {cloud computing;content management;multimedia systems;quality of experience;resource allocation;CDN;HAS;HTTP adaptive streaming;Internet of Services;IoS;QoE;content distribution network;context monitoring;load balancing;multimedia system;quality of experience;video flash crowd;Ash;Context;Load management;Load modeling;Monitoring;Quality of service;Streaming media}
}

@InProceedings{hossfeld2015dimensioning,
  Title                    = {To each according to his needs: Dimensioning video buffer for specific user profiles and behavior},
  Author                   = {Hosfeld, T. and Moldovan, C. and Schwartz, C.},
  Booktitle                = {Integrated Network Management (IM), 2015 IFIP/IEEE International Symposium on},
  Year                     = {2015},
  Month                    = {May},
  Pages                    = {1249 -- 1254},

  Doi                      = {10.1109/INM.2015.7140476},
  Keywords                 = {behavioural sciences computing;hypermedia;quality of experience;queueing theory;video streaming;HTTP video streaming;QoE;mean-value analysis;quality settings;queuing model;user behavior;user profiles;video buffer;viewing habits;Analytical models;Bandwidth;Delays;Queueing analysis;Steady-state;Streaming media;Watches}
}

@InProceedings{Muller:2012:EDA:2151677.2151686,
  Title                    = {An Evaluation of Dynamic Adaptive Streaming over HTTP in Vehicular Environments},
  Author                   = {M\"{u}ller, Christopher and Lederer, Stefan and Timmerer, Christian},
  Booktitle                = {Proceedings of the 4th Workshop on Mobile Video},
  Year                     = {2012},

  Address                  = {New York, NY, USA},
  Pages                    = {37--42},
  Publisher                = {ACM},
  Series                   = {MoVid '12},

  Acmid                    = {2151686},
  Doi                      = {10.1145/2151677.2151686},
  ISBN                     = {978-1-4503-1166-3},
  Keywords                 = {Adobe HTTP dynamic streaming, Apple HTTP live streaming, MPEG-DASH, Microsoft smooth streaming, dynamic adaptive streaming over HTTP, evaluation, mobile networks, vehicular mobility},
  Location                 = {Chapel Hill, North Carolina},
  Numpages                 = {6},
  Url                      = {http://doi.acm.org/10.1145/2151677.2151686}
}

@Article{mehlfuhrer2011vienna,
  Title                    = {The Vienna LTE simulators - Enabling reproducibility in wireless communications research},
  Author                   = {Mehlführer, Christian and Colom Colom Ikuno, Josep and Šimko, Michal and Schwarz, Stefan and Wrulich, Martin and Rupp, Markus},
  Journal                  = {EURASIP Journal on Advances in Signal Processing},
  Year                     = {2011},
  Number                   = {1},
  Volume                   = {2011},

  Doi                      = {10.1186/1687-6180-2011-29},
  Eid                      = {29},
  Publisher                = {Springer International Publishing AG},
  Url                      = {http://dx.doi.org/10.1186/1687-6180-2011-29}
}

@PhdThesis{cs4376,
  Title                    = {Evaluating Reliable Streaming in Mobile Networks},
  Author                   = {Florian Metzger},
  Year                     = {2015},
  Month                    = {April},

  Url                      = {http://eprints.cs.univie.ac.at/4376/}
}

@Article{metzger2014jcnc,
  Title                    = {{Exploratory Analysis of a GGSN’s PDP Context Signaling Load}},
  Author                   = {Metzger, F. and Rafetseder, A. and Romirer-Maierhofer, P. and Tutschku, K.},
  Journal                  = {Journal of Computer Networks and Communications},
  Year                     = {2014},

  Month                    = {February},

  Doi                      = {doi:10.1155/2014/526231},
  Publisher                = {Hindawi Publishing Corporation},
  Url                      = {http://www.hindawi.com/journals/jcnc/2014/526231/},
  Vol                      = {2014}
}

@InProceedings{metzger2011delivery,
  Title                    = {Analysis of web-based video delivery},
  Author                   = {Metzger, F. and Rafetseder, A. and Stezenbach, D. and Tutschku, K.},
  Booktitle                = {FITCE Congress (FITCE), 2011 50th},
  Year                     = {2011},
  Pages                    = {1-6},

  Doi                      = {10.1109/FITCE.2011.6133425}
}

@InProceedings{6229739,
  Title                    = {A performance evaluation framework for video streaming},
  Author                   = {Metzger, F. and Rafetseder, A. and Tutschku, K.},
  Booktitle                = {Packet Video Workshop (PV), 2012 19th International},
  Year                     = {2012},
  Pages                    = {19-24},

  Doi                      = {10.1109/PV.2012.6229739}
}

@InProceedings{metzger2014lossmodel,
  Title                    = {GTP-based Load Model and Virtualization Gain for a Mobile Network's GGSN},
  Author                   = {Metzger, F. and Schwartz, C. and Hoßfeld, T.},
  Booktitle                = {Communications and Electronics (ICCE), 2014 IEEE Fifth International Conference on},
  Year                     = {2014},
  Month                    = {July},
  Pages                    = {206-211},

  Doi                      = {10.1109/CCE.2014.6916704}
}

@InProceedings{metzger2015ltesim,
  Title                    = {A Simulation Framework for Evaluating the QoS and QoE of TCP-based Streaming in an LTE Network},
  Author                   = {Metzger, Florian and Steindl, Christoph and Hoßfeld, Tobias},
  Booktitle                = {Teletraffic Congress (ITC 27), 2015 27th International},
  Year                     = {2015},
  Month                    = {Sept},
  Pages                    = {168-176},

  Doi                      = {10.1109/ITC.2015.27},
  Keywords                 = {Adaptation models;Mobile communication;Mobile computing;Protocols;Quality of service;Radio link;Streaming media}
}

@Article{Mitra2014,
  Title                    = {Context-Aware QoE Modelling, Measurement and Prediction in Mobile Computing Systems},
  Author                   = {Karan Mitra and Arkady Zaslavsky and Christer Ahlund},
  Journal                  = {IEEE Transactions on Mobile Computing},
  Year                     = {2014},
  Number                   = {PrePrints},
  Pages                    = {1},
  Volume                   = {99},

  Address                  = {Los Alamitos, CA, USA},
  Doi                      = {http://doi.ieeecomputersociety.org/10.1109/TMC.2013.155},
  ISSN                     = {1536-1233},
  Publisher                = {IEEE Computer Society}
}

@Article{park2011tcp,
  Title                    = {TCP performance degradation of in-sequence delivery in LTE link layer},
  Author                   = {Park, Hyun-Seo and Lee, Jae-Yong and Kim, Byung-Chul},
  Journal                  = {International Journal of Advanced Science and Technology},
  Year                     = {2011},
  Pages                    = {27--36},
  Volume                   = {37}
}

@Article{5634134,
  Title                    = {{Simulating LTE Cellular Systems: An Open-Source Framework}},
  Author                   = {Piro, G. and Grieco, L.A. and Boggia, G. and Capozzi, F. and Camarda, P.},
  Journal                  = {Vehicular Technology, IEEE Transactions on},
  Year                     = {2011},

  Month                    = {February},
  Number                   = {2},
  Pages                    = {498 -513},
  Volume                   = {60}
}

@Article{raf2013sensorium,
  Title                    = {Sensorium – A Generic Sensor Framework},
  Author                   = {Rafetseder, A. and F. Metzger and Pühringer, L.},
  Journal                  = {PIK - Praxis der Informationsverarbeitung und Kommunikation},
  Year                     = {2013},

  Month                    = {February},
  Number                   = {1},
  Pages                    = {46},
  Volume                   = {36},

  Doi                      = {doi:10.1515/pik-2012-0061}
}

@InProceedings{reichl2015towards,
  Title                    = {Towards a Comprehensive Framework for QoE and User Behavior Modelling},
  Author                   = {Reichl, Peter and Egger, Sebastian and Möller, Sebastian and Kilkki, Kalevi and Fiedler, Markus and Hoßfeld, Tobias and Tsiaras, Christos and Asrese, Alemnew},
  Booktitle                = {Proc. 7th International Workshop on Quality of Multimedia Experience (QoMEX 15), Greece},
  Year                     = {2015}
}

@Article{Riiser2012,
  Title                    = {Video Streaming Using a Location-based Bandwidth-lookup Service for Bitrate Planning},
  Author                   = {Riiser, Haakon and others},
  Journal                  = {ACM Trans. Multimedia Comput. Commun. Appl.},
  Year                     = {2012},

  Month                    = aug,
  Number                   = {3},
  Pages                    = {24:1--24:19},
  Volume                   = {8},

  Acmid                    = {2240137},
  Address                  = {New York, NY, USA},
  Articleno                = {24},
  Issue_date               = {July 2012},
  Publisher                = {ACM}
}

@Article{Sarma2014,
  Title                    = {Context Aware Handover Management: Sustaining QoS and QoE in a Public IEEE 802.11e Hotspot},
  Author                   = {Sarma, A. and Chakraborty, S. and Nandi, S.},
  Journal                  = {Network and Service Management, IEEE Transactions on},
  Year                     = {2014},

  Month                    = {Dec},
  Number                   = {4},
  Pages                    = {530-543},
  Volume                   = {11},

  Doi                      = {10.1109/TNSM.2014.2352811},
  ISSN                     = {1932-4537}
}

@Article{schwartz2013angrybirds,
  Title                    = {{Angry Apps: The Impact of Network Timer Selection on Power Consumption, Signalling Load, and Web QoE}},
  Author                   = {Schwartz, C. and Hoßfeld, T. and Lehrieder, F. and Tran-Gia, P.},
  Journal                  = {Journal of Computer Networks and Communications},
  Year                     = {2013},

  Doi                      = {10.1155/2013/176217},
  Eid                      = {176217}
}

@Article{6913491,
  Title                    = {A Survey on Quality of Experience of HTTP Adaptive Streaming},
  Author                   = {Seufert, M. and Egger, S. and Slanina, M. and Zinner, T. and Hobfeld, T. and Tran-Gia, P.},
  Journal                  = {Communications Surveys Tutorials, IEEE},
  Year                     = {2015},
  Number                   = {1},
  Pages                    = {469-492},
  Volume                   = {17},

  Doi                      = {10.1109/COMST.2014.2360940},
  ISSN                     = {1553-877X},
  Keywords                 = {Adaptive systems;Bit rate;Delays;Media;Quality of service;Servers;Streaming media;HTTP adaptive streaming;Quality of Experience;dynamic streaming;quality of experience;variable video quality}
}

@InProceedings{6573184,
  Title                    = {Implementation and user-centric comparison of a novel adaptation logic for DASH with SVC},
  Author                   = {Sieber, C. and Hossfeld, T. and Zinner, T. and Tran-Gia, P. and Timmerer, C.},
  Booktitle                = {Integrated Network Management (IM 2013), 2013 IFIP/IEEE International Symposium on},
  Year                     = {2013},
  Month                    = {May},
  Pages                    = {1318-1323},

  Keywords                 = {Internet;mobile radio;quality of experience;transport protocols;video coding;video streaming;DASH-SVC streaming algorithm;HTTP protocol;Internet;MPEG-DASH standard;QoE management;adaptation logic;client-centric access;content distribution infrastructure;dynamic adaptive streaming over HTTP;empty playback buffers;low switching frequency;network distribution infrastructure;quality of experience;realistic mobile network scenario;scalable video coding;single layer codecs;streaming behavior;user-centric comparison;video content representation;video playback;video quality;video streaming;Algorithm design and analysis;Bandwidth;Conferences;Delays;Static VAr compensators;Streaming media;Switches}
}

@Article{vranjevs2011use,
  Title                    = {The use of NS-2 simulator in studying UMTS performances},
  Author                   = {Vranje{\v{s}}, Mario and {\v{S}}vedek, Tomislav and Rimac-Drlje, Snje{\v{z}}ana},
  Journal                  = {International Journal of Electrical and Computer Engineering Systems},
  Year                     = {2011},
  Number                   = {2},
  Pages                    = {63--71},
  Volume                   = {1}
}

@Article{Zhu2015,
  Title                    = {Understanding the role of social context and user factors in video Quality of Experience },
  Author                   = {Yi Zhu and Ingrid Heynderickx and Judith A. Redi},
  Journal                  = {Computers in Human Behavior },
  Year                     = {2015},
  Pages                    = {412 - 426},
  Volume                   = {49},

  Doi                      = {http://dx.doi.org/10.1016/j.chb.2015.02.054},
  ISSN                     = {0747-5632}
}

@article{itutg1032,
  booktitle={SERIES G: TRANSMISSION SYSTEMS AND MEDIA, DIGITAL SYSTEMS AND NETWORKS},
  title={\acrshort{ITU-T} Recommendation G.1032: Influence factors on gaming quality of experience},
  year={2017},
  url={http://handle.itu.int/11.1002/1000/13396},
  month={Oct},
}

@INPROCEEDINGS{7965676,
author={S. Schmidt and S. Zadtootaghaj and S. Möller},
booktitle={2017 Ninth International Conference on Quality of Multimedia Experience (QoMEX)},
title={Towards the delay sensitivity of games: There is more than genres},
year={2017},
volume={},
number={},
pages={1-6},
keywords={cloud computing;computer games;quality of experience;QoE;annoyance;bandwidth bottleneck;cloud gaming;control;delay perception;difficulty;fairness;future delay sensitivity based classification;input action metrics;judgement process;latency bottleneck;Avatars;Cloud gaming;Delays;Sensitivity;Gaming;QoE;classification;evaluation methods},
doi={10.1109/QoMEX.2017.7965676},
ISSN={},
month={May},}

@INPROCEEDINGS{7503835,
author={A. Sackl and R. Schatz and T. Hossfeld and F. Metzger and D. Lister and R. Irmer},
booktitle={2016 IEEE International Conference on Communications Workshops (ICC)},
title={QoE Management made uneasy: The case of Cloud Gaming},
year={2016},
volume={},
number={},
pages={492-497},
keywords={cloud computing;computer games;quality of experience;quality of service;QoE management;QoE sensitivity;cloud gaming QoE;end-to-end approach;future Internet infrastructures;latency detection;latency management;resource requirements;static network QoS demands;structured information exchange;user delay-sensitivity;user-application-related factors;Delays;Distance measurement;Servers;Streaming media},
doi={10.1109/ICCW.2016.7503835},
ISSN={},
month={May},}
